@article{sample2021,
  title   = {An example article},
  author  = {John Doe},
  journal = {Journal of Examples},
  year    = {2021},
  volume  = {1},
  number  = {1},
  pages   = {1-10}
}

% ------------------------------------------------------------------------
% REFERENCE PAPER

@misc{deepdarts,
  title         = {DeepDarts: Modeling Keypoints as Objects for Automatic Scorekeeping in Darts using a Single Camera},
  author        = {William McNally and Pascale Walters and Kanav Vats and Alexander Wong and John McPhee},
  year          = {2021},
  eprint        = {2105.09880},
  archiveprefix = {arXiv},
  primaryclass  = {cs.CV},
  url           = {https://arxiv.org/abs/2105.09880}
}

@misc{deepdarts-data,
  doi       = {10.21227/05e7-xs69},
  url       = {https://dx.doi.org/10.21227/05e7-xs69},
  author    = {McNally, William},
  publisher = {IEEE Dataport},
  title     = {DeepDarts Dataset},
  year      = {2021}
}

% Darts regulations
@misc{wdf-rules,
  author       = {World Dart Federation},
  howpublished = {\url{https://dartswdf.com/storage/uploads/fb05b306-c92c-4f08-b512-affb092a1b3d/2018-02-28_WDF_Playing_and_Tournament_Rules_rev20.pdf}},
  title        = {Playing and Tournament Rules (Twentieth revised edition)},
  year         = {2018},
  note         = {Zuletzt aufgerufen: 01.02.2025}
}

% DeepAI Image Generation - Flight-Textur
@misc{deepai-image,
  author       = {{DeepAI}},
  howpublished = {DeepAI Website},
  url          = {\url{https://deepai.org/machine-learning-model/text2img}},
  title        = {AI Image Generator},
  year         = {2025},
  note         = {Zuletzt aufgerufen: 02.02.2025}
}

% PolyHaven Environment Textures
@misc{polyhaven,
  author       = {PolyHaven},
  howpublished = {PolyHaven Website},
  title        = {PolyHaven HDRIs: Indoor},
  url          = {\url{https://polyhaven.com/hdris/indoor}},
  year         = {2025},
  note         = {Zuletzt aufgerufen: 02.02.2025}
}

% Dartscheiben-Heatmap
@misc{heatmap,
  author       = {Darts 1},
  howpublished = {Darts1 Weisite},
  title        = {Gelingt der gro√üe Wurf? - Dart wissenschaftlich bei Darts 1},
  year         = {2025},
  url          = {\url{https://www.darts1.de/training/dart-mathematik-4.php}},
  note         = {Zuletzt aufgerufen: 03.02.2025}
}