Warm Restarts der Learning Rate
- Learning Rate nicht nach Plateau, sondern kontinuierlich und wiederholt Ã¤ndern
- soll bessere Ergebnisse liefern
- soll auch schneller sein
@article{lr_warm_restart,
  title   = {Sgdr: Stochastic gradient descent with warm restarts},
  author  = {Loshchilov, Ilya and Hutter, Frank},
  journal = {arXiv preprint arXiv:1608.03983},
  year    = {2016}
}


Ellipse-detection
@inproceedings{ellipse_detection_algorithm,
  series     = {ICAIP 2021},
  title      = {Irregular Ellipse Detection Method by Confined Space Sweep},
  url        = {http://dx.doi.org/10.1145/3502827.3502838},
  doi        = {10.1145/3502827.3502838},
  booktitle  = {2021 5th International Conference on Advances in Image Processing (ICAIP)},
  publisher  = {ACM},
  author     = {Medina-Melendrez, Modesto and Bernal-Lopez, Oscar and Leal-Leon, Nicomedes and Carlos Cabanillas-Noris, Juan},
  year       = {2021},
  month      = {11},
  pages      = {20 -- 25},
  collection = {ICAIP 2021}
}

Cython
@article{cython,
  title     = {Cython: The best of both worlds},
  author    = {Behnel, Stefan and Bradshaw, Robert and Citro, Craig and Dalcin, Lisandro and Seljebotn, Dag Sverre and Smith, Kurt},
  journal   = {Computing in Science \& Engineering},
  volume    = {13},
  number    = {2},
  pages     = {31 -- 39},
  year      = {2011},
  publisher = {IEEE}
}
Numba
@inproceedings{numba,
  author    = {Lam, Siu Kwan and Pitrou, Antoine and Seibert, Stanley},
  title     = {Numba: a LLVM-based Python JIT compiler},
  year      = {2015},
  isbn      = {9781450340052},
  publisher = {Association for Computing Machinery},
  address   = {New York, NY, USA},
  url       = {https://doi.org/10.1145/2833157.2833162},
  doi       = {10.1145/2833157.2833162},
  booktitle = {Proceedings of the Second Workshop on the LLVM Compiler Infrastructure in HPC},
  articleno = {7},
  numpages  = {6},
  keywords  = {LLVM, Python, compiler},
  location  = {Austin, Texas},
  series    = {LLVM '15}
}