===================================================================================================
DeepDarts

@misc{deepdarts,
  title         = {DeepDarts: Modeling Keypoints as Objects for Automatic Scorekeeping in Darts using a Single Camera},
  author        = {William McNally and Pascale Walters and Kanav Vats and Alexander Wong and John McPhee},
  year          = {2021},
  eprint        = {2105.09880},
  archiveprefix = {arXiv},
  primaryclass  = {cs.CV},
  url           = {https://arxiv.org/abs/2105.09880}
}

@misc{deepdarts-data,
  doi       = {10.21227/05e7-xs69},
  url       = {https://dx.doi.org/10.21227/05e7-xs69},
  author    = {McNally, William},
  publisher = {IEEE Dataport},
  title     = {DeepDarts Dataset},
  year      = {2021}
}

===================================================================================================
Darts

Darts regulations
@misc{wdf-rules,
  author       = {World Dart Federation},
  howpublished = {World Dart Federation Website},
  url          = {https://dartswdf.com/storage/uploads/fb05b306-c92c-4f08-b512-affb092a1b3d/2018-02-28_WDF_Playing_and_Tournament_Rules_rev20.pdf},
  title        = {Playing and Tournament Rules (Twentieth revised edition)},
  year         = {2018},
  note         = {Zuletzt aufgerufen: 01.02.2025}
}

Darts rules part 2 - partial arrow components
@misc{pdc_rules,
  author       = {Professional Darts Corporation},
  howpublished = {Website},
  title        = {Darts Regulation Authority - Rule Book},
  year         = {2023},
  url          = {https://www.thedra.co.uk/_files/ugd/20bb2f_fbc16a1efdf34cf9b8d377a5657a4daa.pdf}
}

DeepAI Image Generation - Flight-Textur
@misc{deepai-image,
  author       = {{DeepAI}},
  howpublished = {DeepAI Website},
  url          = {https://deepai.org/machine-learning-model/text2img},
  title        = {AI Image Generator},
  year         = {2025},
  note         = {Zuletzt aufgerufen: 02.02.2025}
}

PolyHaven Environment Textures
@misc{polyhaven,
  author       = {PolyHaven},
  howpublished = {PolyHaven Website},
  title        = {PolyHaven HDRIs: Indoor},
  url          = {https://polyhaven.com/hdris/indoor},
  year         = {2025},
  note         = {Zuletzt aufgerufen: 02.02.2025}
}

Dartscheiben-Heatmap
@misc{heatmap,
  author       = {Darts 1},
  howpublished = {Darts1 Weisite},
  title        = {Gelingt der große Wurf? - Dart wissenschaftlich bei Darts 1},
  year         = {2025},
  url          = {https://www.darts1.de/training/dart-mathematik-4.php},
  note         = {Zuletzt aufgerufen: 03.02.2025}
}

Blender
@misc{blender,
  title        = {Blender - a 3D modelling and rendering package},
  author       = {Blender Online Community},
  organization = {Blender Foundation},
  address      = {Stichting Blender Foundation, Amsterdam},
  year         = {2018},
  url          = {http://www.blender.org}
}

Alexnet
@inproceedings{alexnet,
  author    = {Krizhevsky, Alex and Sutskever, Ilya and Hinton, Geoffrey E},
  booktitle = {Advances in Neural Information Processing Systems},
  editor    = {F. Pereira and C.J. Burges and L. Bottou and K.Q. Weinberger},
  pages     = {},
  publisher = {Curran Associates, Inc.},
  title     = {ImageNet Classification with Deep Convolutional Neural Networks},
  url       = {https://proceedings.neurips.cc/paper_files/paper/2012/file/c399862d3b9d6b76c8436e924a68c45b-Paper.pdf},
  volume    = {25},
  year      = {2012}
}

one-hot encoding
@misc{one_hot_encoding,
  title         = {Introducing Curvature to the Label Space},
  author        = {Conor Sheehan and Ben Day and Pietro Liò},
  year          = {2018},
  eprint        = {1810.09549},
  archiveprefix = {arXiv},
  primaryclass  = {cs.LG},
  url           = {https://arxiv.org/abs/1810.09549}
}

@article{yolo_model_visualization_inspration,
  author  = {Herfandi, Herfandi and Sitanggang, Ones and Nasution, Muhammad and Nguyen, Huy and Jang, Yeong Min},
  year    = {2024},
  month   = {01},
  pages   = {1153},
  title   = {Real-Time Patient Indoor Health Monitoring and Location Tracking with Optical Camera Communications on the Internet of Medical Things},
  volume  = {14},
  journal = {Applied Sciences},
  doi     = {10.3390/app14031153}
}

focal loss
@inproceedings{focal_loss,
  title     = {Focal loss for dense object detection},
  author    = {Lin, Tsung-Yi and Goyal, Priya and Girshick, Ross and He, Kaiming and Dollár, Piotr},
  booktitle = {Proceedings of the IEEE international conference on computer vision},
  pages     = {2980--2988},
  year      = {2017}
}

DIoU losses
@inproceedings{diou_losses,
  title     = {Distance-IoU loss: Faster and better learning for bounding box regression},
  author    = {Zheng, Zhaohui and Wang, Ping and Liu, Wei and Li, Jinze and Ye, Rongguang and Ren, Dongwei},
  booktitle = {Proceedings of the AAAI conference on artificial intelligence},
  volume    = {34},
  number    = {07},
  pages     = {12993 -- 13000},
  year      = {2020}
}

@inproceedings{yolov1,
  title     = {You only look once: Unified, real-time object detection},
  author    = {Redmon, Joseph and Divvala, Santosh and Girshick, Ross and Farhadi, Ali},
  booktitle = {Proceedings of the IEEE conference on computer vision and pattern recognition},
  pages     = {779 -- 788},
  year      = {2016}
}