===================================================================================================
Computer Vision

Punkt-Linien-Distanz
@book{point_line_distance,
  title     = {Analytical Conics},
  author    = {Spain, B.},
  isbn      = {9780486457734},
  lccn      = {2006050798},
  series    = {Dover Books on Mathematics},
  url       = {https://books.google.de/books?id=qHFXUAau5vcC},
  year      = {2007},
  publisher = {Dover Publications},
  pages     = {14}
}

Polar-Linien
@article{polar_linien,
  author    = {Favinger, Alisa},
  title     = {The Polar Coordinate System},
  journal   = {MAT Exam Expository Papers},
  number    = {12},
  year      = {2008},
  publisher = {Math in the Middle Institute Partnership, University of Nebraska - Lincoln},
  url       = {https://digitalcommons.unl.edu/mathmidexppap/12},
  note      = {Zuletzt aufgerufen: 03.03.2025}
}

Convolution
@misc{convolution,
  author       = {Alejandro Dom√≠nguez Torres},
  title        = {Origin and History of Convolution},
  howpublished = {\url{https://www.slideshare.net/slideshow/origin-adn-history-of-convolution/5650913}},
  year         = {2010},
  note         = {Zuletzt aufgerufen: 03.03.2025}
}
@article{discrete_convolution,
  author   = {Capobianco, Giovanni
              and Cerrone, Carmine
              and Di Placido, Andrea
              and Durand, Daniel
              and Pavone, Luigi
              and Russo, Davide Donato
              and Sebastiano, Fabio},
  title    = {Image convolution: a linear programming approach for filters design},
  journal  = {Soft Computing},
  year     = {2021},
  month    = {7},
  day      = {01},
  volume   = {25},
  number   = {14},
  pages    = {8941-8956},
  issn     = {1433-7479},
  doi      = {10.1007/s00500-021-05783-5},
  url      = {https://doi.org/10.1007/s00500-021-05783-5}
}



Sobel
@article{sobel,
  author  = {Sobel, Irwin},
  year    = {2014},
  month   = {02},
  pages   = {},
  title   = {An Isotropic 3x3 Image Gradient Operator},
  journal = {Presentation at Stanford A.I. Project 1968}
}

Harris corner detection
@inproceedings{harris_corners,
  added-at  = {2009-06-09T19:58:38.000+0200},
  author    = {Harris, C. and Stephens, M.},
  biburl    = {https://www.bibsonomy.org/bibtex/22d2048f92453ed8d1426782cfe774b62/zap},
  booktitle = {Proceedings of the 4th Alvey Vision Conference},
  pages     = {147--151},
  title     = {A Combined Corner and Edge Detector},
  url       = {https://citeseerx.ist.psu.edu/document?repid=rep1&type=pdf&doi=88cdfbeb78058e0eb2613e79d1818c567f0920e2},
  year      = 1988
}


Hough Transformation
@patent{hough_transform,
  author    = {Hough, P. V. C.},
  title     = {Method and Means for Recognizing Complex Patterns},
  number    = {US3069654A},
  publisher = {United States Patent and Trademark Office},
  url       = {https://patents.google.com/patent/US3069654A/en},
  note      = {Issued December 18, 1962}
}

Skeletonization
@article{skeletonization,
  author     = {Montanari, Ugo},
  title      = {Continuous Skeletons from Digitized Images},
  year       = {1969},
  issue_date = {Oct. 1969},
  publisher  = {Association for Computing Machinery},
  address    = {New York, NY, USA},
  volume     = {16},
  number     = {4},
  issn       = {0004-5411},
  url        = {https://doi.org/10.1145/321541.321543},
  doi        = {10.1145/321541.321543},
  journal    = {J. ACM},
  month      = oct,
  pages      = {534-549},
  numpages   = {16}
}

Transformationmetrizen
@book{transformationen_1,
  place     = {Cambridge},
  edition   = {2},
  title     = {Multiple View Geometry in Computer Vision},
  publisher = {Cambridge University Press},
  author    = {Hartley, Richard and Zisserman, Andrew},
  year      = {2004},
  pages     = {37 -- 44}
}
@book{transformationen_2,
  title     = {Introduction to Linear Algebra},
  author    = {Strang, Gilbert},
  publisher = {Wellesley-Cambridge Press},
  edition   = 4,
  month     = feb,
  year      = 2009,
  address   = {Wellesley, MA},
  pages     = {375 -- 379}
}

Logpolare Koordinaten
@article{logpolar,
  author  = {Araujo, Helder and Dias, Jorge},
  year    = {1996},
  month   = {01},
  title   = {An Introduction to the Log-Polar Mapping},
  journal = {Proc. of Second Workshop on Cybernetic Vision}
}

color spaces
@article{color_space,
  title   = {The metric of colour space},
  journal = {Graphical Models},
  volume  = {82},
  pages   = {77-86},
  year    = {2015},
  issn    = {1524-0703},
  doi     = {https://doi.org/10.1016/j.gmod.2015.06.005},
  url     = {https://www.sciencedirect.com/science/article/pii/S1524070315000247},
  author  = {Jens Gravesen}
}


===================================================================================================
Data Generation

@article{perlin_noise_extension,
  author     = {Perlin, Ken},
  title      = {Improving noise},
  year       = {2002},
  issue_date = {July 2002},
  publisher  = {Association for Computing Machinery},
  address    = {New York, NY, USA},
  volume     = {21},
  number     = {3},
  issn       = {0730-0301},
  url        = {https://doi.org/10.1145/566654.566636},
  doi        = {10.1145/566654.566636},
  journal    = {ACM Trans. Graph.},
  month      = jul,
  pages      = {681 -- 682},
  numpages   = {2},
  keywords   = {procedural texture}
}
@inbook{perlin_noise_original,
  author    = {Perlin, Ken},
  title     = {An image synthesizer},
  year      = {1998},
  isbn      = {158113052X},
  publisher = {Association for Computing Machinery},
  address   = {New York, NY, USA},
  url       = {https://doi.org/10.1145/280811.280986},
  booktitle = {Seminal Graphics: Pioneering Efforts That Shaped the Field, Volume 1},
  pages     = {147 -- 156},
  numpages  = {10}
}

White Noise
@book{white_noise,
  author    = {Hida Takeyuki, Si Si},
  publisher = {World Scientific Publishing Company},
  title     = {Lectures on White Noise Functionals},
  year      = {2008},
  type      = {Ebook},
  url       = {https://ebookcentral.proquest.com/lib/christianalbrechts/detail.action?docID=1193660},
  isbn      = {978-981-281-204-9}
}

Noise generation + types of noise + using noise for texture generation
@article{noise_generation,
  author         = {Dong, Junyu and Liu, Jun and Yao, Kang and Chantler, Mike and Qi, Lin and Yu, Hui and Jian, Muwei},
  title          = {Survey of Procedural Methods for Two-Dimensional Texture Generation},
  journal        = {Sensors},
  volume         = {20},
  year           = {2020},
  number         = {4},
  article-number = {1135},
  url            = {https://www.mdpi.com/1424-8220/20/4/1135},
  pubmedid       = {32093019},
  issn           = {1424-8220},
  doi            = {10.3390/s20041135}
}

ransac
@article{ransac,
  author     = {Fischler, Martin A. and Bolles, Robert C.},
  title      = {Random sample consensus: a paradigm for model fitting with applications to image analysis and automated cartography},
  year       = {1981},
  issue_date = {June 1981},
  publisher  = {Association for Computing Machinery},
  address    = {New York, NY, USA},
  volume     = {24},
  number     = {6},
  issn       = {0001-0782},
  url        = {https://doi.org/10.1145/358669.358692},
  doi        = {10.1145/358669.358692},
  journal    = {Commun. ACM},
  month      = jun,
  pages      = {381 -- 395},
  numpages   = {15},
  keywords   = {automated cartography, camera calibration, image matching, location determination, model fitting, scene analysis}
}

SSIM
@article{ssim,
  author   = {Zhou Wang and Bovik, A.C. and Sheikh, H.R. and Simoncelli, E.P.},
  journal  = {IEEE Transactions on Image Processing},
  title    = {Image quality assessment: from error visibility to structural similarity},
  year     = {2004},
  volume   = {13},
  number   = {4},
  pages    = {600-612},
  keywords = {Image quality;Humans;Transform coding;Visual system;Visual perception;Data mining;Layout;Quality assessment;Degradation;Indexes},
  doi      = {10.1109/TIP.2003.819861}
}


Pinhole Camera
@article{pinhole_camera,
  title     = {An Atlas for the Pinhole Camera},
  volume    = {24},
  issn      = {1615-3383},
  url       = {http://dx.doi.org/10.1007/s10208-022-09592-6},
  doi       = {10.1007/s10208-022-09592-6},
  number    = {1},
  journal   = {Foundations of Computational Mathematics},
  publisher = {Springer Science and Business Media LLC},
  author    = {Agarwal,  Sameer and Duff,  Timothy and Lieblich,  Max and Thomas,  Rekha R.},
  year      = {2022},
  month     = sep,
  pages     = {227 -- 277}
}

lens distortion
@article{lens_distortion,
  title     = {Camera calibration for natural image studies and vision research},
  author    = {Brady, Mark and Legge, Gordon E},
  journal   = {Journal of the Optical Society of America A},
  volume    = {26},
  number    = {1},
  pages     = {30--42},
  year      = {2008},
  publisher = {Optical Society of America}
}

Focal length
@article{focal_lentgh,
  author  = {Cooper, Emily A. and Piazza, Elise A. and Banks, Martin S.},
  title   = {The perceptual basis of common photographic practice},
  journal = {Journal of Vision},
  volume  = {12},
  number  = {5},
  pages   = {8-8},
  year    = {2012},
  month   = {05},
  issn    = {1534-7362},
  doi     = {10.1167/12.5.8},
  url     = {https://doi.org/10.1167/12.5.8}
}

Camera Noise
@book{camera_everything,
  author    = {Phillips, Jonathan B. and Eliasson, Henrik},
  title     = {Camera Image Quality Benchmarking},
  year      = {2018},
  publisher = {John Wiley {\&} Sons, Incorporated},
  address   = {Newark, UNITED KINGDOM},
  keywords  = {Imaging systems-Image quality},
  isbn      = {9781119054528},
  url       = {http://ebookcentral.proquest.com/lib/christianalbrechts/detail.action?docID=5150092}
}

===================================================================================================
Neural Networks

@misc{yolov8_paper,
  title         = {What is YOLOv8: An In-Depth Exploration of the Internal Features of the Next-Generation Object Detector},
  author        = {Muhammad Yaseen},
  year          = {2024},
  eprint        = {2408.15857},
  archiveprefix = {arXiv},
  primaryclass  = {cs.CV},
  url           = {https://arxiv.org/abs/2408.15857}
}

KI-Terminologie
@article{nn_terminology,
  author  = {Stegemann, J. A. and Buenfeld, N. R.},
  title   = {A Glossary of Basic Neural Network Terminology for Regression Problems},
  journal = {Neural Computing {\&} Applications},
  year    = {1999},
  month   = {11},
  day     = {01},
  volume  = {8},
  number  = {4},
  pages   = {290-296},
  issn    = {1433-3058},
  doi     = {10.1007/s005210050034},
  url     = {https://doi.org/10.1007/s005210050034}
}
