
@misc{harris_visualization,
  url    = {https://www.cs.cmu.edu/~16385/s17/Slides/6.2_Harris_Corner_Detector.pdf},
  author = {Kris Kitani},
  title  = {Harris Corners},
  note   = {Zuletzt aufgerufen: 03.03.2025}
}

% Perlin Noise
@misc{perlin_noise_img,
  author       = {Noiseposti.ng},
  howpublished = {Website},
  title        = {The Perlin Problem: Moving Past Square Noise},
  year         = {2022},
  url          = {https://noiseposti.ng/posts/2022-01-16-The-Perlin-Problem-Moving-Past-Square-Noise.html},
  note         = {Zuletzt aufgerufen: 10.03.2025}
}
